<?xml version="1.0" encoding="UTF-8"?>
<record xmlns="http://www.loc.gov/MARC21/slim"><!-- Length implementation at offset 22 should hold a digit. Assuming 0 -->
   <leader>01535 as a2200421 a 4500</leader>
   <controlfield tag="001">6492284</controlfield>
   <controlfield tag="003">CaOOAMICUS</controlfield>
   <controlfield tag="005">19890908      .0</controlfield>
   <controlfield tag="008">861103d19uu199uabc   p      s     0eng  </controlfield>
   <datafield tag="010" ind1=" " ind2=" ">
      <subfield code="a">cn 89082178</subfield>
   </datafield>
   <datafield tag="016" ind1=" " ind2=" ">
      <subfield code="a"> 89082178X</subfield>
   </datafield>
   <datafield tag="022" ind1=" " ind2=" ">
      <subfield code="a">0844-8558</subfield>
   </datafield>
   <datafield tag="035" ind1=" " ind2=" ">
      <subfield code="a">ocm20228770</subfield>
   </datafield>
   <datafield tag="040" ind1=" " ind2=" ">
      <subfield code="a">CaOONLC</subfield>
      <subfield code="b">eng</subfield>
      <subfield code="c">CaOONLC</subfield>
      <subfield code="d">AEU</subfield>
   </datafield>
   <datafield tag="042" ind1=" " ind2=" ">
      <subfield code="a">nlc</subfield>
      <subfield code="a">isds/c</subfield>
   </datafield>
   <datafield tag="043" ind1=" " ind2=" ">
      <subfield code="a">n-cn-ab</subfield>
   </datafield>
   <datafield tag="055" ind1=" " ind2="4">
      <subfield code="a">TH4805</subfield>
      <subfield code="b">.A43</subfield>
   </datafield>
   <datafield tag="082" ind1="0" ind2=" ">
      <subfield code="a">363.5/8/097123</subfield>
      <subfield code="2">19</subfield>
   </datafield>
   <datafield tag="090" ind1=" " ind2=" ">
      <subfield code="a">TH 4805 A43</subfield>
      <subfield code="b">AEU</subfield>
   </datafield>
   <datafield tag="110" ind1="1" ind2="0">
      <subfield code="a">Alberta.</subfield>
      <subfield code="b">Innovative Housing Grants Program.</subfield>
   </datafield>
   <datafield tag="210" ind1="0" ind2=" ">
      <subfield code="a">Innov. Hous. Grants Program</subfield>
   </datafield>
   <datafield tag="222" ind1="0" ind2="0">
      <subfield code="a">Innovative Housing Grants Program</subfield>
   </datafield>
   <datafield tag="240" ind1="0" ind2="0">
      <subfield code="a">Innovative Housing Grants Program :</subfield>
      <subfield code="b">[report summaries] /</subfield>
      <subfield code="c">Alberta Department of Housing.</subfield>
   </datafield>
   <datafield tag="245" ind1="1" ind2="0">
      <subfield code="a">Innovative Housing Grants Program : [report summaries] 1992</subfield>
      <subfield code="b">[report summaries] /</subfield>
      <subfield code="c">Alberta Department of Housing.</subfield>
   </datafield>
   <datafield tag="260" ind1="0" ind2="0">
      <subfield code="a">[Edmonton] :</subfield>
      <subfield code="b">The Program,</subfield>
      <subfield code="c">[19--]-</subfield>
   </datafield>
   <datafield tag="300" ind1=" " ind2=" ">
      <subfield code="a">   v. :</subfield>
      <subfield code="b">ill. ;</subfield>
      <subfield code="c">28 cm</subfield>
   </datafield>
   <datafield tag="310" ind1=" " ind2=" ">
      <subfield code="a">Irregular.</subfield>
   </datafield>
   <datafield tag="362" ind1="1" ind2=" ">
      <subfield code="a">Ceased in the 1990s.</subfield>
   </datafield>
   <datafield tag="500" ind1=" " ind2=" ">
      <subfield code="a">Title from caption.</subfield>
   </datafield>
   <datafield tag="500" ind1=" " ind2=" ">
      <subfield code="a">Description based on: Report completed Apr. 1980 (published in 1983?).</subfield>
   </datafield>
   <datafield tag="515" ind1=" " ind2=" ">
      <subfield code="a">Issues lack numbering and contain only the date for which each report was completed.</subfield>
   </datafield>
   <datafield tag="515" ind1=" " ind2=" ">
      <subfield code="a">Multiple reports issued for some months.</subfield>
   </datafield>
   <datafield tag="596" ind1=" " ind2=" ">
      <subfield code="a">38</subfield>
   </datafield>
   <datafield tag="650" ind1=" " ind2="0">
      <subfield code="a">House construction</subfield>
      <subfield code="z">Alberta</subfield>
      <subfield code="v">Periodicals.</subfield>
   </datafield>
   <datafield tag="650" ind1=" " ind2="0">
      <subfield code="a">Housing</subfield>
      <subfield code="z">Alberta</subfield>
      <subfield code="v">Periodicals.</subfield>
   </datafield>
   <datafield tag="926" ind1=" " ind2=" ">
      <subfield code="a">UABARD</subfield>
      <subfield code="b">ON_SHELF</subfield>
      <subfield code="c">Library has holdings</subfield>
      <subfield code="d">PERIODICAL</subfield>
      <subfield code="f">1</subfield>
   </datafield>
   <datafield tag="927" ind1=" " ind2=" ">
      <subfield code="a">UABARD</subfield>
   </datafield>
   <datafield tag="927" ind1=" " ind2=" ">
      <subfield code="b">Location</subfield>
      <subfield code="c">ON_SHELF-- TH 4805 A43</subfield>
   </datafield>
   <datafield tag="927" ind1=" " ind2=" ">
      <subfield code="b">Library has</subfield>
      <subfield code="c">1980,1982-1983,1985-1986,1989,1991-1993 Incomplete:1980,1982-1983,1985-1986,1989,1991-1993</subfield>
   </datafield>
</record>
